@unpublished{gartner,
title= {Distributed File Systems and Object Storage},
author = {Gartner-Peer-Insights},
year = {2023},
URL= {https://www.gartner.com/reviews/market/distributed-file-systems-and-object-storage},
note = {[Accessed: 06 Feb 2023]}
}

@unpublished{emergen,
title= {Cloud Object Storage Market},
author = {Emergen-Research},
year = {2021},
URL= {https://www.emergenresearch.com/industry-report/cloud-object-storage-market},
note = {[Accessed: 06 Feb 2023]}
}

@unpublished{kasperspy,
title= {Behavior-based Protection},
author = {Kasperspy},
year = {2023},
URL= {https://www.kaspersky.com/enterprise-security/wiki-section/products/behavior-based-protection},
note = {[Accessed: 06 Feb 2023]}
}

@unpublished{minio,
title= {MinIO Object Storage},
author = {MinIO},
year = {2023},
URL= {https://min.io/},
note = {[Accessed: 15 Mar 2023]}
}

@unpublished{minio-docs,
title= {MinIO Documentation},
author = {{MinIO Documentation Page}},
year = {2023},
URL= {https://docs.min.io/},
note = {[Accessed: 15 Mar 2023]}
}

@unpublished{minio-erasure,
title= {MinIO Erasure Coding},
author = {{MinIO Erasure Coding}},
year = {2023},
URL= {https://min.io/docs/minio/linux/operations/concepts/erasure-coding.html},
note = {[Accessed: 25 Apr 2023]}
}
@unpublished{minio-repo,
title= {MinIO GitHub Repository},
author = {MinIO},
year = {2023},
URL= {https://github.com/minio/minio},
note = {[Accessed: 15 Mar 2023]}
}
@unpublished{minio-go-repo,
title= {MinIO Go SDK Repository},
author = {MinIO},
year = {2023},
URL= {https://github.com/minio/minio-go},
note = {[Accessed: 15 Mar 2023]}
}
@unpublished{object-storage-market,
title= {The Object Storage Market},
author = {Anina Ot},
year = {2022},
URL= {https://www.enterprisestorageforum.com/cloud/cloud-object-storage-market/},
note = {[Accessed: 17 Mar 2023]}
}
@unpublished{amazon-md,
title= {Integrating Amazon S3 Malware Scanning into Your Application Workflow with Cloud Storage Security},
author = {Gokhul Srinivasan, and Aron Eidelman, and Ed Casmer},
year = {2022},
URL= {https://aws.amazon.com/blogs/apn/integrating-amazon-s3-malware-scanning-into-your-application-workflow-with-cloud-storage-security/},
note = {[Accessed: 21 Mar 2023]}
}
@unpublished{kafka-rabbitmq,
title= {Kafka vs RabbitMQ: Architecture, Performance, and Use Cases},
author = {Eran Levy},
year = {2022},
URL= {https://www.upsolver.com/blog/kafka-versus-rabbitmq-architecture-performance-use-case},
note = {[Accessed: 24 Mar 2023]}
}
@unpublished{kafka-raft,
title= {Installing Apache Kafka without Zookeeper: Easy Steps 101},
author = {Ishwarya M},
year = {2022},
URL= {https://hevodata.com/learn/kafka-without-zookeeper/},
note = {[Accessed: 24 Mar 2023]}
}
@unpublished{clamav,
title= {ClamAV},
author = {ClamAV},
year = {2023},
URL= {https://www.clamav.net/},
note = {[Accessed: 24 Mar 2023]}
}
@unpublished{zap-repo,
title= {Zap},
author = {uber-go},
year = {2023},
URL= {https://github.com/uber-go/zap},
note = {[Accessed: 25 Mar 2023]}
}
@unpublished{viper-repo,
title= {Viper},
author = {spf13},
year = {2023},
URL= {https://github.com/spf13/viper},
note = {[Accessed: 25 Mar 2023]}
}
@unpublished{kafka-go-repo,
title= {},
author = {},
year = {2022},
URL= {},
note = {[Accessed: 24 Mar 2023]}
}
@unpublished{go-tiny-abstraction,
title= {Why you shouldn't use func main in Go},
author = {Mat Ryer},
year = {2020},
URL= {https://pace.dev/blog/2020/02/12/why-you-shouldnt-use-func-main-in-golang-by-mat-ryer.html},
note = {[Accessed: 30 Mar 2023]}
}
@inbook{process-groups,
author = {Marshall Kirk McKusick and George V. Neville-Neil, and Robert N. M. Watson},
isbn = {9780321968975},
pages = {928},
publisher = {Addison-Wesley Professional},
edition = {2nd},
title = {Process Management in the FreeBSD Operating System},
booktitle = {Design and Implementation of the FreeBSD Operating System},
year = {2014},
URL= {https://www.informit.com/articles/article.aspx?p=2249436&seqNum=8},
}
@unpublished{go-closing-channels,
title= {Closing Channels},
author = {{Go by Example}},
year = {2022},
URL= {https://gobyexample.com/closing-channels},
note = {[Accessed: 30 Mar 2023]}
}
@unpublished{go-channel-ranges,
title= {Ranging over channels},
author = {{Go by Example}},
year = {2022},
URL= {https://gobyexample.com/range-over-channels},
note = {[Accessed: 30 Mar 2023]}
}
@unpublished{go-waitgroups,
title= {WaitGroups},
author = {{Go by Example}},
year = {2022},
URL= {https://gobyexample.com/waitgroups},
note = {[Accessed: 30 Mar 2023]}
}
@unpublished{,
title= {},
author = {},
year = {2022},
URL= {},
note = {[Accessed: 24 Mar 2023]}
}
@unpublished{,
title= {},
author = {},
year = {2022},
URL= {},
note = {[Accessed: 24 Mar 2023]}
}
@unpublished{,
title= {},
author = {},
year = {2022},
URL= {},
note = {[Accessed: 24 Mar 2023]}
}
@unpublished{,
title= {},
author = {},
year = {2022},
URL= {},
note = {[Accessed: 24 Mar 2023]}
}
